@online{autopsy,
    title = {Autopsy},
    author = {SLEUTH KIT LABS.},
    urldate = {2023-10},
    url = {https://www.autopsy.com/}
}

@online{teslacrypt,
    title = {TeslaCrypt},
    urldate = {2023-10},
    url = {https://en.wikipedia.org/wiki/TeslaCrypt}
}

@online{tesla-decrypt,
    title = {TeslaCrypt Decryption Tool},
    author = {Talos},
    urldate = {2023-10},
    url = {https://www.talosintelligence.com/teslacrypt_tool}
}

@online{photorec,
    title = {PhotoRec},
    author = {Christophe Grenier},
    urldate = {2023-10},
    url = {https://www.cgsecurity.org/wiki/PhotoRec}
}

@online{qemu,
    title = {QEMU},
    author = {Fabrice Bellard},
    urldate = {2023-10},
    url = {https://www.qemu.org/}
}


