@online{cellebrity,
    title = {Cellebrity Reader},
    author = {Cellebrite},
    urldate = {2023-10},
    url = {https://www.cellebrite.com/en/reader/}
}

@online{aleapp,
    title = {ALEAPP},
    author = {Alexis Brignoni},
    urldate = {2023-10},
    url = {https://github.com/abrignoni/ALEAPP}
}

@online{calculator,
    title = {Calculator},
    urldate = {2023-10},
    url = {https://fr.apkshub.com/app/com.flatfish.cal.privacy}
}

@online{signal,
    title = {Signal},
    urldate = {2023-10},
    url = {https://signal.org}
}

@online{venmo,
    title = {Venmo},
    urldate = {2023-10},
    url = {https://venmo.com}
}   