@online{veracrypt,
    title = {Veracrypt},
    author = {IDRIX},
    urldate = {2023-10},
    url = {https://www.veracrypt.fr/code/VeraCrypt/}
}
@online{hashcat,
    title = {Hashcat},
    urldate = {2023-10},
    url = {https://hashcat.net/hashcat/}
}
@online{hc-benchmarks,
    title = {Hashcat benchmarks},
    urldate = {2023-10},
    url = {https://gist.github.com/Chick3nman/32e662a5bb63bc4f51b847bb422222fd}
}
@online{unit-converter,
    title = {Unit Converter},
    author = {Google},
    urldate = {2023-10},
    url = {https://support.google.com/websearch/answer/3284611?hl=en-EN#unitconverter}
}
@online{sha1,
    title = {SHA-1},
    urldate = {2023-10},
    url = {https://en.wikipedia.org/wiki/SHA-1}
}
@online{hc-modes,
    title = {Hash types},
    author = {Hashcat},
    urldate = {2023-10},
    url = {https://hashcat.net/wiki/doku.php?id=example_hashes}
}
