@online{hashes,
    title = {Hashes},
    url = {https://hashes.com/en/decrypt/hash},
    urldate = {2023-01},
}

@online{volatility,
    title = {Volatility},
    url = {https://github.com/volatilityfoundation/volatility},
    urldate = {2023-01},
    author = {Volatility Foundation},
}

@online{winpmem,
    title = {WinPmem},
    url = {https://github.com/Velocidex/WinPmem},
    urldate = {2023-01},
    author = {Velocidex},
}